<?xml version="1.0" encoding="UTF-8"?><collection xmlns="http://www.loc.gov/MARC21/slim"><record><leader>00465nam--2200193-i-4500</leader><controlfield tag="001">000000122</controlfield><controlfield tag="002">20161230</controlfield><controlfield tag="005">20161230201023</controlfield><controlfield tag="008">060222s1000------------r-----000-0-ger-d</controlfield><datafield ind1=" " ind2=" " tag="040"><subfield code="a">IFIN-HH</subfield></datafield><datafield ind1=" " ind2=" " tag="041"><subfield code="a">ger</subfield></datafield><datafield ind1=" " ind2=" " tag="080"><subfield code="a">539.16</subfield></datafield><datafield ind1="1" ind2=" " tag="100"><subfield code="a">Frommel, Wilhem</subfield></datafield><datafield ind1="1" ind2="0" tag="245"><subfield code="a">Radioaktivitat</subfield><subfield code="c">Wilhelm frommel</subfield></datafield><datafield ind1=" " ind2=" " tag="260"><subfield code="a">Leipzig</subfield><subfield code="b">Gammlung Bofchen</subfield><subfield code="c">/F.An</subfield></datafield><datafield ind1=" " ind2=" " tag="300"><subfield code="a">113 P</subfield></datafield><datafield ind1=" " ind2=" " tag="490"><subfield code="a">Sammlung Goschen</subfield></datafield><datafield ind1=" " ind2=" " tag="852"><subfield code="a">44608</subfield><subfield code="c">H.H</subfield></datafield><datafield ind1=" " ind2=" " tag="CAT"><subfield code="a">Sys</subfield><subfield code="c">20130416</subfield><subfield code="h">103101</subfield></datafield></record></collection>